
@inproceedings{HeuleNH13,
  author    = {Stefan Heule and
               Marc Nunkesser and
               Alexander Hall},
  title     = {HyperLogLog in practice: algorithmic engineering of a state of the
               art cardinality estimation algorithm},
  booktitle = {Joint 2013 {EDBT/ICDT} Conferences, {EDBT} '13 Proceedings, Genoa,
               Italy, March 18-22, 2013},
  pages     = {683--692},
  year      = {2013},
  doi       = {10.1145/2452376.2452456},
  timestamp = {Sat, 06 Apr 2013 19:25:31 +0200},
}